@Article{Koren2009,
  author    = {Yehuda Koren and Robert Bell and Chris Volinsky},
  journal   = {Computer},
  title     = {Matrix Factorization Techniques for Recommender Systems},
  year      = {2009},
  month     = {aug},
  number    = {8},
  pages     = {30--37},
  volume    = {42},
  doi       = {10.1109/mc.2009.263},
  publisher = {Institute of Electrical and Electronics Engineers ({IEEE})},
}

@Book{Aggarwal2016,
  author    = {Charu C. Aggarwal},
  publisher = {Springer International Publishing},
  title     = {Recommender Systems},
  year      = {2016},
  doi       = {10.1007/978-3-319-29659-3},
}

@Article{Hoerl1970,
  author    = {Arthur E. Hoerl and Robert W. Kennard},
  journal   = {Technometrics},
  title     = {Ridge Regression: Biased Estimation for Nonorthogonal Problems},
  year      = {1970},
  month     = {feb},
  number    = {1},
  pages     = {55--67},
  volume    = {12},
  doi       = {10.1080/00401706.1970.10488634},
  publisher = {Informa {UK} Limited},
}

@Comment{jabref-meta: databaseType:bibtex;}
