@InProceedings{Kjolstad2010,
  author    = {Fredrik Berg Kjolstad and Marc Snir},
  booktitle = {Proceedings of the 2010 Workshop on Parallel Programming Patterns - {ParaPLoP} {\textquotesingle}10},
  title     = {Ghost Cell Pattern},
  year      = {2010},
  publisher = {{ACM} Press},
  doi       = {10.1145/1953611.1953615},
}

@Comment{jabref-meta: databaseType:bibtex;}
